<?xml version="1.0" encoding="UTF-8"?><collection xmlns="http://www.loc.gov/MARC21/slim"><record><leader>00453nam--2200169-i-4500</leader><controlfield tag="001">000004826</controlfield><controlfield tag="002">20161230</controlfield><controlfield tag="005">20170209163224</controlfield><controlfield tag="008">060222s1000------------r-----000-0-eng-d</controlfield><datafield ind1=" " ind2=" " tag="100"><subfield code="a">Adda, Yves</subfield></datafield><datafield ind1=" " ind2=" " tag="245"><subfield code="a">Diffusion de l uranium avec quelques metaux de transition</subfield></datafield><datafield ind1=" " ind2=" " tag="260"><subfield code="a">Saclay</subfield><subfield code="b">Centre D Etudes Nucleaires</subfield><subfield code="c">1958</subfield></datafield><datafield ind1=" " ind2=" " tag="300"><subfield code="a">38 p</subfield></datafield><datafield ind1=" " ind2=" " tag="490"><subfield code="a">Rapport Cea</subfield><subfield code="v">989</subfield></datafield><datafield ind1=" " ind2=" " tag="700"><subfield code="a">Philibert, Jean</subfield></datafield><datafield ind1=" " ind2=" " tag="852"><subfield code="a">13455</subfield></datafield><datafield ind1=" " ind2=" " tag="CAT"><subfield code="a">SYS</subfield><subfield code="c">20170209</subfield><subfield code="h">163224</subfield></datafield></record></collection>